@misc{redblob,
	author = {Amit Patel},
	title = {Introduction to the A* Algorithm},
	month = {June},
	year = 2020,
	howpublished = {\url{https://www.redblobgames.com/pathfinding/a-star/introduction.html}},
	urldate = {2021-11-08}
}